@article{banfield_raftery93,
  title = {Model-{{Based Gaussian}} and {{Non-Gaussian Clustering}}},
  author = {Banfield, Jeffrey D. and Raftery, Adrian E.},
  year = {1993},
  journal = {Biometrics},
  volume = {49},
  number = {3},
  pages = {803--821},
  publisher = {{[Wiley, International Biometric Society]}},
  issn = {0006-341X},
  doi = {10.2307/2532201}
}


@article{basford_etal97,
  title = {Standard Errors of Fitted Component Means of Normal Mixtures},
  author = {Basford, K. and Greenway, D. and Mclachlan, G. and Peel, D.},
  date = {1997-12-03},
  journaltitle = {Computational Statistics},
  volume = {12},
}


@article{biernacki_etal00,
  title = {Assessing a {{Mixture Model}} for {{Clustering}} with the {{Integrated Completed Likelihood}}},
  author = {Biernacki, Christophe and Celeux, Gilles and Govaert, Gerard},
  year = {2000},
  shortjournal = {Pattern Analysis and Machine Intelligence, IEEE Transactions on},
  volume = {22},
  pages = {719--725},
  doi = {10.1109/34.865189},
}